<record><leader>00000cas a22000007i 4500</leader><controlfield tag="001">895034699</controlfield><controlfield tag="006">m        d        </controlfield><controlfield tag="007">cr |n|000|||||</controlfield><controlfield tag="008">890131d18841916tnuwr neo     0   a0eng  </controlfield><datafield ind1=" " ind2=" " tag="010"><subfield code="a">  2014218838</subfield></datafield><datafield ind1=" " ind2=" " tag="040"><subfield code="a">Nz</subfield><subfield code="b">eng</subfield><subfield code="e">rda</subfield><subfield code="c">Z5A</subfield><subfield code="d">OCLCO</subfield><subfield code="d">DLC</subfield><subfield code="d">OCLCF</subfield></datafield><datafield ind1="0" ind2=" " tag="022"><subfield code="a">2376-5526</subfield><subfield code="2">1</subfield></datafield><datafield ind1="0" ind2=" " tag="029"><subfield code="a">NZ1</subfield><subfield code="b">15697559</subfield></datafield><datafield ind1=" " ind2=" " tag="042"><subfield code="a">msc</subfield><subfield code="a">nsdp</subfield></datafield><datafield ind1=" " ind2=" " tag="043"><subfield code="a">n-us-tn</subfield></datafield><datafield ind1="1" ind2="0" tag="050"><subfield code="a">ISSN RECORD</subfield></datafield><datafield ind1=" " ind2="4" tag="050"><subfield code="a">AN48.J57</subfield><subfield code="b">C66</subfield></datafield><datafield ind1="0" ind2="0" tag="082"><subfield code="a">071</subfield><subfield code="2">23</subfield></datafield><datafield ind1="0" ind2=" " tag="130"><subfield code="a">Comet (Johnson City, Tenn. : Weekly)</subfield></datafield><datafield ind1=" " ind2="4" tag="222"><subfield code="a">The comet</subfield><subfield code="b">(Johnson City, Tenn. Weekly. Online)</subfield></datafield><datafield ind1="1" ind2="4" tag="245"><subfield code="a">The comet.</subfield></datafield><datafield ind1="1" ind2=" " tag="246"><subfield code="i">Issues for Nov. 24, 1892-June 22, 1893 have title:</subfield><subfield code="a">Weekly comet</subfield></datafield><datafield ind1=" " ind2="1" tag="264"><subfield code="a">Johnson City, Tenn. :</subfield><subfield code="b">N. C. T. Love,</subfield><subfield code="c">1884-</subfield></datafield><datafield ind1=" " ind2=" " tag="300"><subfield code="a">1 online resource</subfield></datafield><datafield ind1=" " ind2=" " tag="310"><subfield code="a">Weekly</subfield></datafield><datafield ind1=" " ind2=" " tag="336"><subfield code="a">text</subfield><subfield code="b">txt</subfield><subfield code="2">rdacontent</subfield></datafield><datafield ind1=" " ind2=" " tag="337"><subfield code="a">computer</subfield><subfield code="b">c</subfield><subfield code="2">rdamedia</subfield></datafield><datafield ind1=" " ind2=" " tag="338"><subfield code="a">online resource</subfield><subfield code="b">cr</subfield><subfield code="2">rdacarrier</subfield></datafield><datafield ind1="1" ind2=" " tag="362"><subfield code="a">Began with vol. I, no. 1 (March 15, 1884); ceased January 13, 1916.</subfield></datafield><datafield ind1=" " ind2=" " tag="500"><subfield code="a">Editors: Robert L Taylor &amp; Robert Burrow, 1884; R.L. Tayor &amp; C.J. St. John, Jr., 1884-&lt;1885&gt;; Cy. H. Lyle &lt;1892-1916&gt;; T.L. Anderson &amp; John A. Everett, &lt;1916&gt;.</subfield></datafield><datafield ind1=" " ind2=" " tag="588"><subfield code="a">Description based on: [Vol. I], no. 1 (March 15, 1884); title from masthead (Chroniclingamerica.loc.gov, viewed December 10, 2014).</subfield></datafield><datafield ind1=" " ind2=" " tag="588"><subfield code="a">Latest issue consulted: Twenty-sixth year, whole number 1329 (December 30, 1909) (Chroniclingamerica.loc.gov, viewed December 10, 2014).</subfield></datafield><datafield ind1=" " ind2="0" tag="651"><subfield code="a">Johnson City (Tenn.)</subfield><subfield code="v">Newspapers.</subfield></datafield><datafield ind1=" " ind2="0" tag="651"><subfield code="a">Washington County (Tenn.)</subfield><subfield code="v">Newspapers.</subfield></datafield><datafield ind1=" " ind2="7" tag="655"><subfield code="a">Newspapers.</subfield><subfield code="2">fast</subfield><subfield code="0">(OCoLC)fst01423814</subfield></datafield><datafield ind1=" " ind2="7" tag="651"><subfield code="a">Tennessee</subfield><subfield code="z">Johnson City.</subfield><subfield code="2">fast</subfield><subfield code="0">(OCoLC)fst01205644</subfield></datafield><datafield ind1=" " ind2="7" tag="651"><subfield code="a">Tennessee</subfield><subfield code="z">Washington County.</subfield><subfield code="2">fast</subfield><subfield code="0">(OCoLC)fst01234578</subfield></datafield><datafield ind1=" " ind2=" " tag="752"><subfield code="a">United States</subfield><subfield code="b">Tennessee</subfield><subfield code="c">Washington</subfield><subfield code="d">Johnson City.</subfield></datafield><datafield ind1="0" ind2=" " tag="775"><subfield code="t">Comet (Johnson City, Tenn. : Daily)</subfield></datafield><datafield ind1="0" ind2=" " tag="775"><subfield code="t">Johnson City comet (Johnson City, Tenn. : Daily : 1910)</subfield></datafield><datafield ind1="0" ind2="8" tag="776"><subfield code="i">Originally issued in print:</subfield><subfield code="t">Comet (Johnson City, Tenn. : Weekly)</subfield><subfield code="x">2376-5518</subfield><subfield code="w">(OCoLC)19085874</subfield></datafield><datafield ind1="0" ind2="0" tag="785"><subfield code="t">Johnson City comet (Johnson City, Tenn. : Weekly : 1916)</subfield></datafield><datafield ind1="4" ind2="0" tag="856"><subfield code="u">http://www.loc.gov/chroniclingamerica/lccn/sn89058128/issues</subfield></datafield></record>